@Misc{mashupDefinition,
  author = {o.A.},
  title  = {{Definition - What does Mashup mean?}},
  year   = {2020},
  note   = {\url{https://www.techopedia.com/definition/5373/mashup}. (Einsichtnahme: 17.04.2020)},
}

@Misc{dazerRESTUeberblick,
  author = {Dazer M.},
  title  = {{RESTful APIs - Eine Übersicht}},
  year   = {o.J.},
  note   = {\url{https://www.snet.tu-berlin.de/fileadmin/fg220/courses/WS1112/snet-project/restful-apis_dazer.pdf}. (Einsichtnahme: 15.04.2020)},
}

@Misc{pythonDeveloperSurvey2018,
  author = {JetBrains (Hrsg.)},
  title  = {{Python Developers Survey 2018 Results, Python Frameworks, Libraries and Technologies}},
  year   = {2018},
  note   = {\url{https://www.jetbrains.com/research/python-developers-survey-2018/}. (Einsichtnahme: 15.04.2020)},
}

@Misc{webframeworksStatistic,
  author = {o.V.},
  title  = {{Find your new favorite web framework}},
  year   = {o.J.},
  note   = {\url{https://hotframeworks.com/}. (Einsichtnahme: 15.04.2020)},
}

@Misc{netflixFlaskAutomation,
  author = {Allanabanda F./Veeraraghavan V.},
  title  = {{Automation as a Service - Introducing Scriptflask}},
  year   = {2017},
  note   = {\url{https://netflixtechblog.com/automation-as-a-service-introducing-scriptflask-17a8e4ad954b}. (Einsichtnahme: 15.04.2020)},
}

@book{mathas2008soa,
  title={SOA intern: Praxiswissen zu Service-orientierten IT-Systemen},
  author={Mathas C.},
  year={2008},
  publisher={Hanser Verlag}
}

@book{snell2002webservice,
  title={Webservice-Programmierung mit SOAP},
  author={Snell J. et al.},
  year={2002},
  publisher={O'Reilly Germany}
}

@BOOK{andrew2008verteilte,
	AUTHOR = {Tanenbaum A./van Steen M.},
	YEAR = {2008},
	TITLE = {Verteilte Systeme - Prinzipien und Paradigmen},
	EDITION = {2. Auflage},
	ISBN = {978-3-8273-7293-2},
	PUBLISHER = {Pearson Studium},
	ADDRESS = {Berlin, Heidelberg, New York},
}

@Misc{fieldingREST,
  author = {Fielding T. R.},
  title  = {{Architectural Styles and the Design of Network-based Software Architectures, Diss.}},
  year   = {2000},
  address = {{University of California, Irvine}},
  note   = {\url{https://www.ics.uci.edu/~fielding/pubs/dissertation/fielding_dissertation.pdf}. (Einsichtnahme: 20.04.2020)},
}

@BOOK{richterEinleitungVS,
  AUTHOR = {Richter S.},
  TITLE  = {{Verteilte Systeme - Einleitung STG-TINF17IN - Skript zur Vorlesung u. Übung}},
  YEAR  = {2020a},
  ADDRESS = {{Duale Hochschule Baden-Württemberg (DHBW), Stuttgart}},
  PUBLISHER = {{Richter S.}}
}

@BOOK{pythonFlaskREST,
  AUTHOR = {Relan K.},
  TITLE  = {{Building REST APIs with Flask, Create Python Web Services with MySQL}},
  YEAR  = {2019},
  ISBN = {978-1-4842-5021-1},
  ADDRESS = {{New Delhi, Delhi, Indien}},
  PUBLISHER = {Apress}
}

@BOOK{richterKommunikationVS,
  AUTHOR = {Richter S.},
  TITLE  = {{Verteilte Systeme - Kommunikation STGT TINF17N - Skript zur Vorlesung u. Übung}},
  YEAR  = {2020b},
  ADDRESS = {{Duale Hochschule Baden-Württemberg (DHBW), Stuttgart}},
  PUBLISHER = {{Richter S.}}
}

@BOOK{andrew2008distributed,
	AUTHOR = {Tanenbaum A./van Steen M.},
	YEAR = {2017},
	TITLE = {Distributed Systems},
	EDITION = {3. Edition},
	ISBN = {978-90-815406-2-9},
	PUBLISHER = {Pearson Education},
	ADDRESS = {o.O.},
}

@Misc{flaskMicroDescription,
  author = {The Pallets Project (Hrsg.)},
  title  = {{User's Guide, Foreword, What does micro mean?}},
  year   = {2010},
  address = {o.O.},
  note   = {\url{https://flask.palletsprojects.com/en/1.1.x/foreword/#what-does-micro-mean}. (Einsichtnahme: 23.04.2020)},
}

@Misc{flaskDocRouting,
  author = {The Pallets Project (Hrsg.)},
  title  = {{Quickstart, Routing, Variable Rules}},
  year   = {2019},
  address = {o.O.},
  note   = {\url{https://flask.palletsprojects.com/en/1.1.x/quickstart/#variable-rules}. (Einsichtnahme: 23.04.2020)},
}

@Misc{pythonDocFormattedStrings,
  author = {The Pallets Project (Hrsg.)},
  title  = {{What’s New In Python 3.6, New Features, PEP 498: Formatted string literals}},
  year   = {2016},
  address = {o.O.},
  note   = {\url{https://docs.python.org/3/whatsnew/3.6.html#pep-498-formatted-string-literals}. (Einsichtnahme: 23.04.2020)},
}

@Misc{flaskDevelopmentServer,
  author = {The Pallets Project (Hrsg.)},
  title  = {{Development Server, In Code}},
  year   = {2010},
  address = {o.O.},
  note   = {\url{https://flask.palletsprojects.com/en/1.1.x/server/#in-code}. (Einsichtnahme: 23.04.2020)},
}

@Misc{autoincrementSQLAlchemy,
  author = {Michael Bayer (Hrsg.)},
  title  = {{MySQL, AUTO\_INCREMENT Behavior}},
  year   = {2020},
  address = {o.O.},
  note   = {\url{https://docs.sqlalchemy.org/en/13/dialects/mysql.html#auto-increment-behavior}. (Einsichtnahme: 27.04.2020)},
}

@BOOK{richterArchitekturVS,
  AUTHOR = {Richter S.},
  TITLE  = {{Verteilte Systeme - Architekturen STG-TINF17IN - Skript zur Vorlesung u. Übung}},
  YEAR  = {2020c},
  ADDRESS = {{Duale Hochschule Baden-Württemberg (DHBW), Stuttgart}},
  PUBLISHER = {{Richter S.}}
}

@Misc{marshmallowQuickstart,
  author = {Loria S. (Hrsg.)},
  title  = {{Quickstart}},
  year   = {2020},
  address = {o.O.},
  note   = {\url{https://marshmallow.readthedocs.io/en/stable/quickstart.html}. (Einsichtnahme: 27.04.2020)},
}

@Misc{rahnRESTAPI,
  author = {Rahn W.},
  title  = {{RESTFUL WEBSERVICES (REST API DESIGN)}},
  year   = {o.J.},
  address = {o.O.},
  note   = {\url{https://www.frank-rahn.de/restful-webservices/}. (Einsichtnahme: 27.04.2020)},
}

@Misc{cachingRESTAPI,
  author = {o.A.},
  title  = {{RESTFUL WEBSERVICES (REST API DESIGN)}},
  year   = {2016},
  address = {o.O.},
  note   = {\url{https://restfulapi.net/caching/}. (Einsichtnahme: 27.04.2020)},
}

@Misc{flaskAppDeployment,
  author = {The Pallets Project (Hrsg.)},
  title  = {{Deployment Options}},
  year   = {2010},
  address = {o.O.},
  note   = {\url{https://flask.palletsprojects.com/en/1.1.x/deploying/}. (Einsichtnahme: 28.04.2020)},
}